@misc{rabbit_boot_step,
  author = {Alvaro Videla},
  title = {{Rabbit boot process}},
  howpublished = "\url{https://github.com/videlalvaro/rabbit-internals/blob/master/rabbit_boot_process.md/}",
  language = {english}
}
@misc{itc,
  author = {Paulo Sergio Almeida},
  title = {{Interval Tree Clocks}},
  howpublished = "\url{https://github.com/ricardobcl/Interval-Tree-Clocks/blob/master/erlang/itc.erl/}",
  language = {english}
}
@misc{rabbitmq-itc,
  author = {Anna Muharram},
  title = {{RabbitMQ Interval Tree Clocks}},
  howpublished = "\url{https://github.com/Amuhar/rabbitmq-itc.git/}",
}
@MVBOOK{rabbitmq_in_action,
    author = {Alvaro Videla and Jason J.W. Williams},
    title = {RabbitMQ in action},
    year = {2012}, 
    language = {english},
    publisher = {Manning Publications},
}
@ARTICLE{itc_article,
    author = {Paulo Sergio Almeida and Carlos Baquero and Victor Fonte},
    title = {Interval Tree Clocks: A Logical Clock for Dynamic Systems.},
    year = {2008},
    journal = {Proceedings of the 12th International Conference on Principles of Distributed Systems},
    pages = {259 - 274} 
}
@ARTICLE{lamport,
    author = {Leslie Lamport},
    title = {Time, clocks and the ordering of events in a distributed system.},
    year = {1978},
    volume = {21},
    number = {7},
    journal = {Communications of the ACM},
    pages = {558â€“565} ,
    month = {July}
}
@MVBOOK{tanenbaum,
    author = {Andrew S. Tanenbaum and Steen van, Maarten},
    title = {Distributed systems. Principles and paradigms.},
    pages = {248-251},
    year = {2006}, 
    language = {english},
    publisher = {Pearson Education. Inc.},

}